% This file was created with Citavi 6.11.0.0

@misc{.02.10.2023,
 year = {02.10.2023},
 title = {CEC database},
 url = {\url{https://www.energy.ca.gov/media/2367}},
 urldate = {02.10.2023}
}


@misc{.02.10.2023b,
 year = {02.10.2023},
 title = {Mapbox | Maps, Navigation, Search, and Data},
 url = {\url{https://www.mapbox.com/}},
 urldate = {02.10.2023}
}


@misc{.02.10.2023c,
 abstract = {Dash is a framework for building data apps in Python. Dash Enterprise simplifies the development and deployment process in a secure, scalable environment.},
 year = {02.10.2023},
 title = {Plotly: The front end for ML and data science models},
 url = {\url{https://plotly.com/dash/}},
 urldate = {02.10.2023}
}


@article{.1965,
 author = {Nelder, John A. and {R. Mead}},
 year = {1965},
 title = {A simplex method for function minimization},
 url = {\url{https://academic.oup.com/comjnl/article-abstract/7/4/308/354237?redirectedFrom=fulltext&login=false}},
 pages = {27},
 volume = {8},
 number = {1},
 issn = {0010-4620},
 journal = {The Computer Journal},
 doi = {\url{10.1093/comjnl/8.1.27}},
 file = {Errata 1965:Attachments/Errata 1965.pdf:application/pdf}
}


@article{Bhandari.2015,
 author = {Bhandari, Khagendra P. and Collier, Jennifer M. and Ellingson, Randy J. and Apul, Defne S.},
 year = {2015},
 title = {Energy payback time (EPBT) and energy return on energy invested (EROI) of solar photovoltaic systems: A systematic review and meta-analysis},
 pages = {133--141},
 volume = {47},
 issn = {13640321},
 journal = {Renewable and Sustainable Energy Reviews},
 doi = {\url{10.1016/j.rser.2015.02.057}}
}


@article{DirkJordanandSarahKurtz:NREL.,
 abstract = {Presented at Solar Power International, 14-17 September 2015, Anaheim, California},
 author = {{Dirk Jordan and Sarah Kurtz: NREL}},
 title = {Overview of Field Experience - Degradation Rates {\&} Lifetimes (Presentation), NREL (National Renewable Energy Laboratory)},
 url = {\url{https://www.nrel.gov/docs/fy15osti/65040.pdf}},
 urldate = {02.10.2023},
 file = {Overview of Field Experience - Degradation Rates {\&} Lifetimes (Presentation), NREL (National Renewable Energy Laboratory):Attachments/Overview of Field Experience - Degradation Rates {\&} Lifetimes (Presentation), NREL (National Renewable Energy Laboratory).pdf:application/pdf}
}


@misc{Energy.gov.01.10.2023,
 abstract = {Counting down our list of top things you didn't know about solar energy -- read on for more on the most abundant energy resource known to mankind.},
 author = {{U.S. Departement of Energy}},
 year = {01.10.2023},
 title = {Top 6 Things You Didn't Know About Solar Energy},
 url = {\url{https://www.energy.gov/articles/top-6-things-you-didnt-know-about-solar-energy}},
 urldate = {02.10.2023}
}


@misc{EnergyDGJointResearchCentre.2016,
 abstract = {Photovoltaic Geographical Information System (PVGIS)},
 author = {{Energy, DG Joint Research Centre /}},
 year = {2016},
 title = {JRC Photovoltaic Geographical Information System (PVGIS) - European Commission},
 url = {\url{https://re.jrc.ec.europa.eu/pvg_tools/en/#MR}},
 urldate = {02.10.2023}
}


@article{F.Holmgren.2018,
 author = {{F. Holmgren}, William and {W. Hansen}, Clifford and {A. Mikofski}, Mark},
 year = {2018},
 title = {pvlib python: a python package for modeling solar energy systems},
 pages = {884},
 volume = {3},
 number = {29},
 journal = {Journal of Open Source Software},
 doi = {\url{10.21105/joss.00884}},
 file = {F. Holmgren, W. Hansen et al. 2018 - pvlib python:Attachments/F. Holmgren, W. Hansen et al. 2018 - pvlib python.pdf:application/pdf}
}


@misc{FraunhoferInstituteforSolarEnergySystemsISE.21.02.2023,
 author = {{Fraunhofer Institute for Solar Energy Systems, ISE}},
 editor = {{Frauenhofer Institute}},
 year = {21.02.2023},
 title = {PHOTOVOLTAICS REPORT},
 url = {\url{https://www.ise.fraunhofer.de/content/dam/ise/de/documents/publications/studies/Photovoltaics-Report.pdf}},
 urldate = {02.10.2023}
}


@article{irena,
 abstract = {Renewable energy},
 author = {{International Renewable Energy Agency}},
 title = {Renewable power generation costs in 2021},
 keywords = {bioenergy;commodity prices;cost inflation;costs trends;CSP;energy prices;geothermal;IRENA;IRENA publications;offshore wind;onshore wind;photovoltaic;power;power generation costs;PV;renewable energy;solar},
 urldate = {02.10.2023},
 file = {IRENA{\_}Power{\_}Generation{\_}Costs{\_}2021:Attachments/IRENA{\_}Power{\_}Generation{\_}Costs{\_}2021.pdf:application/pdf}
}


@misc{MapTilerAG.26.09.2023,
 abstract = {Mapping platform designed for developers. Publish interactive maps in your web applications and on mobile devices.},
 author = {{MapTiler AG}},
 year = {26.09.2023},
 title = {Maps for developers | MapTiler},
 url = {\url{https://www.maptiler.com/}},
 urldate = {02.10.2023}
}


@article{Nachnamenichtvorhanden.11.08.2023,
 abstract = {Silicon is the second most common element in the Earth's crust, although it is hard to find  in nature as a pure element. The total production volume of silicon worldwide in 2022 amounted to an estimated 8.8 million metric tons. China is by far the world's largest producer of silicon, including silicon content for ferrosilicon and silicon metal. Around six million metric tons of silicon was produced in China in 2022, which accounted for nearly two-thirds of the global silicon production that year. Other major silicon producers are Russia, Brazil, Norway, and the United States.},
 author = {{M. Garside}},
 year = {11.08.2023},
 title = {Silicon mining worldwide - statistics {\&} facts},
 url = {\url{https://www.statista.com/topics/1959/silicon/#topicOverview}},
 urldate = {02.10.2023},
 journal = {Statista}
}


@misc{StatistischesBundesamt.01.03.2023,
 abstract = {China ist das aus deutscher Sicht mit Abstand wichtigste Herkunftsland f{\"u}r Photovoltaikanlagen: Rund 87{\&}nbsp;{\%} der nach Deutschland importierten Photovoltaikanlagen kamen im Jahr 2022 aus der Volksrepublik. Der Wert dieser eingef{\"u}hrten Anlagen betrug gut 3,1{\&}nbsp;Milliarden Euro, wie das Statistische Bundesamt (Destatis) mitteilt. Insgesamt wurden im vergangenen Jahr Photovoltaikanlagen im Wert von rund 3,6{\&}nbsp;Milliarden Euro nach Deutschland importiert. Auf China als wichtigster Lieferant von Solarzellen, S},
 author = {{Statistisches Bundesamt}},
 year = {01.03.2023},
 title = {87{\&}nbsp;{\%} der importierten Photovoltaikanlagen kamen im Jahr 2022 aus China},
 url = {\url{https://www.destatis.de/DE/Presse/Pressemitteilungen/2023/03/PD23_N012_43.html}},
 urldate = {02.10.2023}
}


